@MISC{wiki,
	Publisher = "Wikimedia Foundation Inc.",
	AUTHOR = {Wikimedia-Foundation},
	YEAR = {2018},
	note = {Accessed: 2018-04-20},
	TITLE = "Partition (Mengenlehre)",
	HOWPUBLISHED = "\url{https://de.wikipedia.org/wiki/Partition_(Mengenlehre)}"
}

@MISC{HM12,
	AUTHOR = {Prof. Dr. Guido Schneider},
	YEAR = {2018},
	TITLE = {HM1-2 Script},
	note = {Vorlesungsscript}
}

@BOOK{Mikro1,
	AUTHOR = {Prof. Dr.-Nat Jürgen H. Werner},
	YEAR = {2017},
	TITLE = {Mikroelektronik I},
	note = {Vorlesungsscript}
}

@BOOK{GDE12,
	AUTHOR = {Prof. Dr.-Ing. Norbert Frühauf},
	YEAR = {2016},
	TITLE = {GDE1-2 Script},
	note = {Vorlesungsscript}
}
	
@BOOK{EleT,
	AUTHOR = {Wolfgang Bieneck},
	TITLE = {Elektro T},
	YEAR = {2010},
	PUBLISHER = {Holland + Josenhans},
	note = {Grundlagen der Elektrotechnik}
}	

@BOOK{LinAF,
	AUTHOR = {Gerd Fischer},
	TITLE = {Lineare Algebra},
	YEAR = {2014},
	PUBLISHER = {Springer Spektrum},
	EDITION = {18}
}

@BOOK{Ana1F,
	AUTHOR = {Otto Forster},
	TITLE = {Analysis 1},
	YEAR = {2013},
	PUBLISHER = {Springer Spektrum},
	EDITION = {11}
}
	