@misc{
	waben,
	author = {o.A.},
	title = {Wabenstruktur},
	date = {08.06.2018},
	URL = {http://www.chemieunterricht.de/dc2/kristalle/images/graphen-1.gif},
}

@misc{atom_photon,
	AUTHOR = {Tobi},
	YEAR = {2018},
	TITLE = {Vorlesungsmitschrieb}
}

@MISC{MIKRO2,
	AUTHOR = {Prof. Dr. Jörg Schulze},
	YEAR = {2018},
	TITLE = {Mikroelektronik 2 Script},
	note = {Vorlesungsscript}
}

@book {
	Chandrasekhar2018ConductingPolymers,
	author = {Chandrasekhar, Prasanna},
	title = {Conducting Polymers, Fundamentals and Applications: Including Carbon Nanotubes and Graphene},
	publisher = {Springer},
	year = {2018},
	edition = {2nd ed. 2018},
	ISBN = {978-3-319-69378-1},
	URL = {http://dx.doi.org/10.1007/978-3-319-69378-1},
}

@book {
	2017Dopingof,
	title = {Doping of Carbon Nanotubes},
	editor = {Bulyarskiy, Sergey and Saurov, Alexandr},
	publisher = {Springer},
	year = {2017},
	ISBN = {978-3-319-55883-7},
	URL = {http://dx.doi.org/10.1007/978-3-319-55883-7},
}

@book {
	Ferreira2016FunctionalizingGraphene,
	author = {Ferreira, Filipe Vargas},
	title = {Functionalizing Graphene and Carbon Nanotubes: A Review},
	editor = {Cividanes, Luciana De Simone and Brito, Felipe Sales and Menezes, Beatriz Rossi Canuto de and Franceschi, Wesley and Nunes Simonetti, Evelyn Alves and Thim, Gilmar Patrocínio},
	publisher = {Springer},
	year = {2016},
	ISBN = {978-3-319-35110-0},
	URL = {http://dx.doi.org/10.1007/978-3-319-35110-0},
}

@book {
	Matsumoto2015Frontiersof,
	author = {Matsumoto, Kazuhiko},
	title = {Frontiers of Graphene and Carbon Nanotubes: Devices and Applications},
	publisher = {Springer},
	year = {2015},
	ISBN = {978-443-15537-2-4},
	URL = {http://dx.doi.org/10.1007/978-4-431-55372-4},
}

@book {
	Fujita2013Electricalconduction,
	author = {Fujita, Shigeji and Suzuki, Akira},
	title = {Electrical conduction in graphene and nanotubes},
	address = {Weinheim},
	publisher = {Wiley-VCH},
	year = {2013},
	ISBN = {978-3-527-41151-1},
}

@book {
	Malic2013Grapheneand,
	author = {Malić, Ermin and Knorr, Andreas},
	title = {Graphene and carbon nanotubes: ultrafast relaxation dynamics and optics},
	publisher = {Wiley-VCH},
	year = {2013},
	ISBN = {978-3-527-41161-0},
}

@book {
	Wong2011Carbonnanotube,
	author = {Wong, Hon-Sum Philip and Akinwande, Deji},
	title = {Carbon nanotube and graphene device physics},
	publisher = {Cambridge University Press},
	year = {2011},
	ISBN = {978-0-521-51905-2},
}

@book {
	noauthor2013Graphenecarbon,
	title = {Graphene, carbon nanotubes, and nanostructures: techniques and applications},
	editor = {Morris, James E.},
	publisher = {CRC Press, Taylor and Francis},
	year = {2013},
	ISBN = {978-1-4665-6056-7},
}

@article {
	Baughman787,
	author = {Baughman, Ray H. and Zakhidov, Anvar A. and de Heer, Walt A.},
	title = {Carbon Nanotubes--the Route Toward Applications},
	volume = {297},
	number = {5582},
	pages = {787--792},
	year = {2002},
	doi = {10.1126/science.1060928},
	publisher = {American Association for the Advancement of Science},
	URL = {http://science.sciencemag.org/content/297/5582/787},
	eprint = {http://science.sciencemag.org/content/297/5582/787.full.pdf},
	journal = {Science},
}

@article{
	nanometertransistor,
	author = {HighBeam-Research},
	title = {Still Room at the Bottom.(nanometer transistor developed by Yang-kyu Choi from the Korea Advanced Institute of Science and Technology )},
	volume = {novolume},
	year = {2016},
	publisher = {Nanoparticle News. BCC Research, HighBeam Research},
	URL = {https://www.highbeam.com/doc/1G1-145838158.html},
}

@article{
	int_roadmap_devicesAsystems,
	author = {IEEE},
	title = {International Roadmap For Devices And Systems - More Moore White Paper},
	year = {2016},
	pages = {5ff, 10},
	publisher = {IEEE},
	URL = {https://irds.ieee.org/images/files/pdf/2016\_MM.pdf},
}

@inbook{
	noauthorTransportPropertiesCNT,
	author = {o. A.},
	title = {Transport Properties of Carbon Nanotubes},
	chapter = {Physical Properties of Carbon Nanotubes},
	pages = {137--162},
	URL = {https://www.worldscientific.com/doi/pdf/10.1142/9781860943799\_0008},
	eprint = {https://www.worldscientific.com/doi/pdf/10.1142/9781860943799_0008},
	publisher = {Published by Imperial College Press and distributed by World Scientific Publishing Co.},
	year = {2011},										
}

@inbook{
	application_Ajayan,
	author = {Ajayan, Pulickel M. and Zhou, Otto Z.},
	title = {Applications of Carbon Nanotubes},
	chapter = {Applications of Carbon Nanotubes},
	pages = {391--425},
	url = {https://doi.org/10.1007/3-540-39947-X\_14},
	publisher = {Springer Berlin Heidelberg},
	year = {2001},
}

@inbook{
	Weinschenk1898Graphitseine,
	author = {Weinschenk, Ernst},
	title = {Sammlung gemeinverständlicher wissenschaftlicher Vorträge},
	chapter = {Der Graphit, seine wichtigsten Vorkommnisse und seine technische Verwerthung},
	volume = {N:F: 295 Ser. 13};
	publisher = {Verl.-Anst. u. Dr.},
	year = {1898},
}

@book{
huff2002semiconductor,
  title={Semiconductor Silicon 2002: Proceedings of the Ninth International Symposium on Silicon Materials Science and Technology},
  author={Huff, H.R. and Fabry, L. and Kishino, S.},
  isbn={9781566773744},
  lccn={2002103603},
  series={Proceedings (Electrochemical Society)},
  url={https://books.google.de/books?id=cZKrzphCh-sC},
  year={2002},
  publisher={Electrochemical Society}
}